<record><leader>00000cas a2200000 a 4500</leader><controlfield tag="001">8804765</controlfield><controlfield tag="008">820924d18681885inuwr ne      0    0eng  </controlfield><datafield ind1=" " ind2=" " tag="010"><subfield code="a">sn 82015008 </subfield></datafield><datafield ind1=" " ind2=" " tag="040"><subfield code="a">DLC</subfield><subfield code="b">eng</subfield><subfield code="c">DLC</subfield><subfield code="d">NPX</subfield><subfield code="d">NPU</subfield><subfield code="d">NPI</subfield><subfield code="d">DLC</subfield><subfield code="d">CUI</subfield><subfield code="d">OCLCQ</subfield><subfield code="d">OCLCF</subfield></datafield><datafield ind1="1" ind2=" " tag="029"><subfield code="a">AU@</subfield><subfield code="b">000025825768</subfield></datafield><datafield ind1=" " ind2=" " tag="042"><subfield code="a">pcc</subfield></datafield><datafield ind1=" " ind2=" " tag="043"><subfield code="a">n-us-in</subfield></datafield><datafield ind1="0" ind2="0" tag="050"><subfield code="a">Newspaper 7701-X</subfield></datafield><datafield ind1=" " ind2="4" tag="050"><subfield code="a">AN</subfield></datafield><datafield ind1="0" ind2=" " tag="130"><subfield code="a">Richmond telegram (Richmond, Ind.)</subfield></datafield><datafield ind1="1" ind2="4" tag="245"><subfield code="a">The Richmond telegram.</subfield></datafield><datafield ind1="1" ind2="3" tag="246"><subfield code="a">Telegram</subfield></datafield><datafield ind1=" " ind2=" " tag="260"><subfield code="a">Richmond, Ind. :</subfield><subfield code="b">A.G. Wilcox,</subfield><subfield code="c">1868-1885.</subfield></datafield><datafield ind1=" " ind2=" " tag="300"><subfield code="a">19 v. ;</subfield><subfield code="c">76 cm.</subfield></datafield><datafield ind1=" " ind2=" " tag="310"><subfield code="a">Weekly</subfield></datafield><datafield ind1="0" ind2=" " tag="362"><subfield code="a">Vol. 6, no. 50 (June 6, 1868)-v. 24, no. 39 (Sept. 24, 1885).</subfield></datafield><datafield ind1=" " ind2=" " tag="500"><subfield code="a">Includes many "Extras."</subfield></datafield><datafield ind1=" " ind2=" " tag="515"><subfield code="a">Vol. 8, no. 1 was misdated.</subfield></datafield><datafield ind1=" " ind2="0" tag="651"><subfield code="a">Richmond (Ind.)</subfield><subfield code="v">Newspapers.</subfield></datafield><datafield ind1=" " ind2="0" tag="651"><subfield code="a">Wayne County (Ind.)</subfield><subfield code="v">Newspapers.</subfield></datafield><datafield ind1=" " ind2="7" tag="655"><subfield code="a">Newspapers.</subfield><subfield code="2">fast</subfield><subfield code="0">(OCoLC)fst01423814</subfield></datafield><datafield ind1=" " ind2="7" tag="651"><subfield code="a">Indiana</subfield><subfield code="z">Richmond.</subfield><subfield code="2">fast</subfield><subfield code="0">(OCoLC)fst01205951</subfield></datafield><datafield ind1=" " ind2="7" tag="651"><subfield code="a">Indiana</subfield><subfield code="z">Wayne County.</subfield><subfield code="2">fast</subfield><subfield code="0">(OCoLC)fst01218729</subfield></datafield><datafield ind1=" " ind2=" " tag="752"><subfield code="a">United States</subfield><subfield code="b">Indiana</subfield><subfield code="c">Wayne</subfield><subfield code="d">Richmond.</subfield></datafield><datafield ind1="0" ind2="0" tag="780"><subfield code="t">Richmond weekly telegram (Richmond, Ind. : 1865)</subfield><subfield code="w">(DLC)sn 84038019</subfield><subfield code="w">(OCoLC)11176952</subfield></datafield><datafield ind1="0" ind2="6" tag="785"><subfield code="t">Richmond weekly telegram (Richmond, Ind. : 1885)</subfield><subfield code="w">(DLC)sn 86058221</subfield><subfield code="w">(OCoLC)13084751</subfield></datafield><datafield ind1="0" ind2="6" tag="785"><subfield code="t">Richmond daily telegram (Richmond, Ind. : 1885)</subfield><subfield code="w">(DLC)sn 86058220</subfield><subfield code="w">(OCoLC)13084883</subfield></datafield></record>